@misc{vaswani2017attention,
  title         = {Attention Is All You Need},
  author        = {Ashish Vaswani and Noam Shazeer and Niki Parmar and Jakob Uszkoreit and Llion Jones and Aidan N. Gomez and Lukasz Kaiser and Illia Polosukhin},
  year          = {2017},
  eprint        = {1706.03762},
  archiveprefix = {arXiv},
  primaryclass  = {cs.CL}
}
@misc{garnelo2018neural,
  title         = {Neural Processes},
  author        = {Marta Garnelo and Jonathan Schwarz and Dan Rosenbaum and Fabio Viola and Danilo J. Rezende and S. M. Ali Eslami and Yee Whye Teh},
  year          = {2018},
  eprint        = {1807.01622},
  archiveprefix = {arXiv},
  primaryclass  = {cs.LG}
}